% Encoding: UTF-8

@Book{Boyle1988,
  title     = {Computer vision: A first course},
  publisher = {Blackwell Scientific Publications, Ltd.},
  year      = {1988},
  author    = {Boyle, Roger D and Thomas, Richard C},
}

@Article{Canny1986,
  author    = {Canny, John},
  title     = {A computational approach to edge detection},
  journal   = {IEEE Transactions on pattern analysis and machine intelligence},
  year      = {1986},
  number    = {6},
  pages     = {679--698},
  publisher = {Ieee},
}

@Book{Davies2004,
  title         = {Machine vision: theory, algorithms, practicalities},
  publisher     = {Elsevier},
  year          = {2004},
  author        = {Davies, E Roy},
  __markedentry = {[mohit:]},
}

@Manual{opencv,
  title = {{OpenCV Documentation: https://docs.opencv.org/2.4/doc/tutorials/imgproc/imgtrans/canny_detector/canny_detector.html Accessed: July, 2019}},
  url   = { https://docs.opencv.org/2.4/doc/tutorials/imgproc/imgtrans/canny_detector/canny_detector.html },
}

@Manual{justin-liang,
  title = {{Implementing Canny Filter}},
  url   = {http://justin-liang.com/tutorials/canny/ },
}

@Manual{sigma-formula,
  title = {{OpenCV Filtering Documentation https://docs.opencv.org/2.4/ Accessed: July, 2019}},
  url   = {https://docs.opencv.org/2.4/modules/imgproc/doc/filtering.html},
}

@Booklet{gaussian-wiki,
  title = {{Gaussian Blur https://en.wikipedia.org/wiki/CannyEdgeDetector Accessed: July, 2019}},
}

@Article{python-ref-images,
  author = {{Sofiane Sahir}},
  title  = {{Canny Edge Detection Step by Step in Python â€” Computer Vision}},
  year   = {{Jan, 2019}},
}

@Article{Gonzales1992,
  author        = {Gonzales, R and Woods, R},
  title         = {Digital image processing.[Sl]},
  journal       = {Addison-Wesley Publishing Company},
  year          = {1992},
  __markedentry = {[mohit:6]},
}

@Comment{jabref-meta: databaseType:bibtex;}
